@inbook{
	rodjers,
	author="David F. Rogers",
	title="Алгоритмические основы машинной графики",
	publisher="--- М.: Мир",
	language="russian",
	year=1989,
	pages=512
}

@inbook{
	geom,
	author="Никулин Е.~А",
	title="Компьютерная геометрия и алгоритмы машинной графики",
	publisher="--- СПб.: БХВ-Петербург",
	language="russian",
	year=2003,
	pages=560
}

@inbook{
	cg,
	author="Боресков А.~В",
	title="Программирование компьютерной графики",
	publisher="--- М.: ДМК-Пресс",
	language="russian",
	year=2019,
	pages=372
}

@article{
	shadow,
	author={Романюк А.~Н., Куринный М.~В.},
	title="Алгоритмы построения теней",
	journal="КОМПЬЮТЕРЫ+ПРОГРАММЫ : науч. журн. 2000."
}

@inbook{
	shadow2,
	author={Гиль С.~В.,},
	title="Использование карты глубины для построения областей видимости",
	publisher="--- Кафедра информатики БГУИР",
	language="russian",
	year=2014,
	pages=3
}

@misc{rt,
	title="Обратная трассировка лучей --- Обзор при поддержке Лаборатории компьтерной графики и мультимедия ф-та ВМК МГУ [Электронный ресурс]",
	howpublished="Режим доступа: \url{http://ray-tracing.ru/articles164.html} (дата обращения: 11.12.2023)"
}

@inbook{
	light,
	author={Задорожный А.~Г},
	title="Модели освещения и алгоритмы затенения в компьютерной графике",
	publisher="--- Новосибирск: Изд-во НГТУ",
	language="russian",
	year=2020,
	pages=80
}

@article{
	varnok,
	author={Абрамова О.~Ф., Никонова Н.~С.},
	title="Сравнительный анализ алгоритмов удаления невидимых линий и поверхностей, работающих в пространстве изображения",
	journal="NOVAINFO : электрон. науч. журн. 2015.",
	url="\url{http://novainfo.ru} (дата обращения: 11.12.2023)",
}

@article{
	opengl,
	author={João Paulo Gois, Harlen C. Batagelo},
	title="Interactive Graphics Applications with OpenGL
	Shading Language and Qt",
	journal="Springer Science+Business Media : электрон. науч. журн. 2017.",
	url="\url{https://link.springer.com/article/10.1007/s11277-017-5224-x} (дата обращения: 09.11.2023)",
}

@article{
	fps,
	author={Мустафин М.~Б., Тypap O.~Н., Ахмед-Заки Д.~Ж.},
	title="Тестирование визуализации Vulkan для геомоделей
	на системах с графическими процессорами для
	трассировки лучей",
	url="\url{https://journal.neark.kz/wp-content/uploads/pdf/2020-3/6-%D0%A2%D0%B5%D1%81%D1%82%D0%B8%D1%80%D0%BE%D0%B2%D0%B0%D0%BD%D0%B8%D0%B5%20%D0%B2%D0%B8%D0%B7%D1%83%D0%B0%D0%BB%D0%B8%D0%B7%D0%B0%D1%86%D0%B8%D0%B8%20VULKAN.pdf} (дата обращения: 12.12.2023)",
}

ТЕСТИРОВАНИЕ ВИЗУАЛИЗАЦИИ VULKAN ДЛЯ ГЕОМОДЕЛЕЙ
НА СИСТЕМАХ С ГРАФИЧЕСКИМИ ПРОЦЕССОРАМИ ДЛЯ
ТРАССИРОВКИ ЛУЧЕЙ

@misc{ubuntu,
	title="Linux --- Официальная документация [Электронный ресурс]",
	howpublished="Режим доступа: \url{https://www.linux.org/} (дата обращения: 15.09.2023)"
}

@misc{amd,
	title="AMD Processors [Электронный ресурс]",
	howpublished="Режим доступа: \url{https://www.amd.com/en.html} (дата обращения: 15.09.2023)"
}